
@article{bartusch1988scheduling,
  title={Scheduling project networks with resource constraints and time windows},
  author={Bartusch, Martin and M{\"o}hring, Rolf H and Radermacher, Franz J},
  journal={Annals of Operations Research},
  volume={16},
  number={1},
  pages={199--240},
  year={1988},
  publisher={Springer}
}


@article{kolisch1997psplib,
  title={{PSPLIB} - {A} project scheduling problem library: {OR} {S}oftware - {ORSEP} {O}perations {R}esearch {S}oftware {E}xchange {P}rogram},
  author={Kolisch, Rainer and Sprecher, Arno},
  journal={European Journal of Operational Research},
  volume={96},
  number={1},
  pages={205--216},
  year={1997},
  publisher={Elsevier}
}


@article{bertsimas2004price,
  title={The price of robustness},
  author={Bertsimas, Dimitris and Sim, Melvyn},
  journal={Operations Research},
  volume={52},
  number={1},
  pages={35--53},
  year={2004},
  publisher={Informs}
}


@article{van2010genetic,
  title={A genetic algorithm for the preemptive and non-preemptive multi-mode resource-constrained project scheduling problem},
  author={Van Peteghem, Vincent and Vanhoucke, Mario},
  journal={European Journal of Operational Research},
  volume={201},
  number={2},
  pages={409--418},
  year={2010},
  publisher={Elsevier}
}


@article{bruni2017adjustable,
  title={An adjustable robust optimization model for the resource-constrained project scheduling problem with uncertain activity durations},
  author={Bruni, Maria Elena and Pugliese, L Di Puglia and Beraldi, Patrizia and Guerriero, Francesca},
  journal={Omega},
  volume={71},
  pages={66--84},
  year={2017},
  publisher={Elsevier}
}


@article{bruni2018computational,
  title={A computational study of exact approaches for the adjustable robust resource-constrained project scheduling problem},
  author={Bruni, Maria Elena and Pugliese, L Di Puglia and Beraldi, Patrizia and Guerriero, Francesca},
  journal={Computers \& Operations Research},
  volume={99},
  pages={178--190},
  year={2018},
  publisher={Elsevier}
}



@article{balouka2021robust,
  title={A robust optimization approach for the multi-mode resource-constrained project scheduling problem},
  author={Balouka, Noemie and Cohen, Izack},
  journal={European Journal of Operational Research},
  volume={291},
  number={2},
  pages={457--470},
  year={2021},
  publisher={Elsevier}
}


@article{bold2021compact,
  title={A compact reformulation of the two-stage robust resource-constrained project scheduling problem},
  author={Bold, Matthew and Goerigk, Marc},
  journal={Computers \& Operations Research},
  volume={130},
  pages={105232},
  year={2021},
  publisher={Elsevier}
}
